@misc{MiOIB,
  title={Materiały do wykładu ,,{M}etaheurystyki i Obliczenia Inspirwane Biologicznie''},
  author={Maciej Komosiński},
  year={2014},
  howpublished={Lecture notes}
}

@book{Goldberg-2002,
  title={The Design of Innovation: Lessons from and for Competent Genetic Algorithms},
  author={Goldberg, D. E.},
  year={2002},
  publisher={Kluwer Academic Publishers}
}

@misc{WikiDash,
  author = "Wikipedia",
  title = "Dash -- Wikipedia{,} The Free Encyclopedia",
	note = {\url{http://en.wikipedia.org/wiki/Dash}},
  year = "2014"
}

@misc{GnuplotDemos,
  author = "Developers of gnuplot",
  title = "gnuplot demo plots",
	note = {\url{http://www.gnuplot.info/screenshots/index.html#demos}},
  year = "2011"
}

